<?xml version="1.0" encoding="UTF-8"?><collection xmlns="http://www.loc.gov/MARC21/slim"><record><leader>00381nam--2200133-i-4500</leader><controlfield tag="001">000033800</controlfield><controlfield tag="002">20161230</controlfield><controlfield tag="005">20161230201039</controlfield><controlfield tag="008">060222s1000------------r-----000-0-eng-d</controlfield><datafield ind1=" " ind2=" " tag="080"><subfield code="a">621.039.51</subfield></datafield><datafield ind1=" " ind2=" " tag="100"><subfield code="a">Neltrup, H., Kalnael,O. And Olgaard, P.L</subfield></datafield><datafield ind1=" " ind2=" " tag="245"><subfield code="a">A recipe for heavy-water lattice calculations</subfield></datafield><datafield ind1=" " ind2=" " tag="260"><subfield code="a">Riso, Danish Atomic Energy Commision, 1964. 43p</subfield></datafield><datafield ind1=" " ind2=" " tag="852"><subfield code="a">13457</subfield></datafield></record></collection>